<?xml version="1.0" encoding="UTF-8"?><collection xmlns="http://www.loc.gov/MARC21/slim"><record><leader>00417nam--2200169-i-4500</leader><controlfield tag="001">000017138</controlfield><controlfield tag="002">20161230</controlfield><controlfield tag="005">20170114002133</controlfield><controlfield tag="008">060222s1000------------r-----000-0-eng-d</controlfield><datafield ind1=" " ind2=" " tag="080"><subfield code="a">537.622</subfield></datafield><datafield ind1=" " ind2=" " tag="100"><subfield code="a">Bica, Doina</subfield></datafield><datafield ind1=" " ind2=" " tag="245"><subfield code="a">Obtinerea lichidelor magnetice</subfield></datafield><datafield ind1=" " ind2=" " tag="260"><subfield code="a">Timisoara</subfield><subfield code="b">Universitatea Din Timisoara</subfield><subfield code="c">1992</subfield></datafield><datafield ind1=" " ind2=" " tag="300"><subfield code="a">67 p</subfield></datafield><datafield ind1=" " ind2=" " tag="700"><subfield code="a">Bica, Ioan</subfield></datafield><datafield ind1=" " ind2=" " tag="852"><subfield code="a">74617</subfield></datafield><datafield ind1=" " ind2=" " tag="CAT"><subfield code="a">SYS</subfield><subfield code="c">20170114</subfield><subfield code="h">002133</subfield></datafield></record></collection>